@article{1,
  author  = {D. Kornhauser and G. Miller and P. Spirakis},
  title   = {Coordinating Pebble Motion on Graphs, the Diameter of Permutation Groups, and Applications},
  journal = {Proc. of the 25th FOCS},
  year    = {1984}
}
@article{2,
    author = {Oded Goldreich},
    title = {Finding the Shortest Move-Sequence in the Graph-Generalized 15-Puzzle Is NP-Hard},
    journal = {Lecture Notes in Computer Science},
    year = {1993} 
}
@article{9,
    author = {S.Even and O.Goldreich},
    title = {The minimum-length generator sequence problem is NP-hard},
    journal = {Journal of algorithms 2},
    year = {1981} 
}

@book{3,
    author = {John E.Hopcroft and Rajeev Motwani and Jeffrey D. Ullman},
    title = {Automi, Linguaggi e Calcolalibilit√†},
    publisher = {Pearson},
    year = {2009}
}
@book{4,
    author = {Agostino Dovier and Roberto Giacobazzi},
    title = {Fondamenti dell'informatica},
    publisher = {Bollati Boringhieri},
    year = {2020}
}

@misc{5,
  author = {Massachusetts Institute of Technology},
  title = {Theory of Computation},
  year = {2020},
  url = {https://ocw.mit.edu/courses/18-404j-theory-of-computation-fall-2020/pages/syllabus/} 
}

@book{6,
    author = "Michael R. Garey and David S. Johnson",
    title = "Computers and Intractability: A Guide to the Theory of NP-Completeness",
    publisher = "W. H. Freeman and Company",
    year = 1979
}

@misc{7,
  author = {Algorithms for Competitive Programming },
  title = {15 Puzzle Game: Existence Of The Solution},
  year = {2022},
  url = {https://cp-algorithms.com/others/15-puzzle.html} 
}

@misc{8,
  author = {Jamie Mulholland},
  title = {Permutation Puzzles, A Mathematical Perspective},
  year = {2022},
  url = {https://courses.mai.liu.se/GU/TATA55/LECTURES/lecture5.pdf} 
}

@article{10,
    author = {Elena Konstantinova},
    title = {Some problems on Cayley graphs},
    journal = {Elsevier},
    year = {2008} 
}

@book{11,
    title = {Chapter 6 - Configuration Knowledge Representation and Reasoning},
    editor = {Alexander Felfernig and Lothar Hotz and Claire Bagley and Juha Tiihonen},
    booktitle = {Knowledge-Based Configuration},
    publisher = {Morgan Kaufmann},
    year = {2014},
    author = {Lothar Hotz and Alexander Felfernig and Markus Stumptner and Anna Ryabokon and Claire Bagley and Katharina Wolter}
}

@misc{12,
  author       = {{Wikipedia contributors}},
  title        = {Answer Set Programming --- Wikipedia{,} The Free Encyclopedia},
  year         = {2025},
  url          = {https://en.wikipedia.org/wiki/Answer_set_programming},
  note         = {Accessed: 2025-08-04}
}

@book{13,
    title = {Chapter 2 - Basic modeling},
    publisher = {Springer Cham},
    booktitle = {Answer Set Solving in Practice},
    year = {2013},
    author = {Martin Gebser and Roland Kaminski and Benjamin Kaufmann and Torsten Schaub}
}

@article{14,
    author = {Alon, Noga and Chung, F. R. K. and Graham, R. L.},
    title = {Routing Permutations on Graphs via Matchings},
    journal = {SIAM Journal on Discrete Mathematics},
    year = {1994},
}

@book{15,
  author    = {Thomas H. Cormen and Charles E. Leiserson and Ronald L. Rivest and Clifford Stein},
  title     = {Introduction to Algorithms},
  edition   = {4th},
  publisher = {MIT Press},
  year      = {2022}
}

@article{16,
  author    = {Richard E. Korf},
  title     = {Depth-first iterative-deepening: An optimal admissible tree search},
  journal   = {Artificial Intelligence},
  volume    = {27},
  number    = {1},
  pages     = {97--109},
  year      = {1985},
  publisher = {Elsevier},
  doi       = {10.1016/0004-3702(85)90084-0}
}